%YAML 1.1
%TAG !u! tag:unity3d.com,2011:
--- !u!1 &5030836167757767844
GameObject:
  m_ObjectHideFlags: 0
  m_CorrespondingSourceObject: {fileID: 0}
  m_PrefabInstance: {fileID: 0}
  m_PrefabAsset: {fileID: 0}
  serializedVersion: 6
  m_Component:
  - component: {fileID: 5030836167757767899}
  - component: {fileID: 5030836167757767898}
  m_Layer: 0
  m_Name: Wire
  m_TagString: Untagged
  m_Icon: {fileID: 0}
  m_NavMeshLayer: 0
  m_StaticEditorFlags: 0
  m_IsActive: 1
--- !u!4 &5030836167757767899
Transform:
  m_ObjectHideFlags: 0
  m_CorrespondingSourceObject: {fileID: 0}
  m_PrefabInstance: {fileID: 0}
  m_PrefabAsset: {fileID: 0}
  m_GameObject: {fileID: 5030836167757767844}
  m_LocalRotation: {x: 0, y: 0, z: 0, w: 1}
  m_LocalPosition: {x: 0, y: 0, z: 0}
  m_LocalScale: {x: 1, y: 1, z: 1}
  m_Children:
  - {fileID: 1268309713683184033}
  - {fileID: 2968173317889068090}
  - {fileID: 5030836169255350476}
  m_Father: {fileID: 0}
  m_RootOrder: 0
  m_LocalEulerAnglesHint: {x: 0, y: 0, z: 0}
--- !u!114 &5030836167757767898
MonoBehaviour:
  m_ObjectHideFlags: 0
  m_CorrespondingSourceObject: {fileID: 0}
  m_PrefabInstance: {fileID: 0}
  m_PrefabAsset: {fileID: 0}
  m_GameObject: {fileID: 5030836167757767844}
  m_Enabled: 1
  m_EditorHideFlags: 0
  m_Script: {fileID: 11500000, guid: 3433f5b252ee3bf4584a4c834b672185, type: 3}
  m_Name: 
  m_EditorClassIdentifier: 
  _isConnected: 1
  _plugs:
  - {fileID: 1326334840490447181}
  - {fileID: 3080734396479251670}
  follow: 1
  wireColor: {r: 0.5566038, g: 0.5566038, b: 0.5566038, a: 1}
  nodeDirectionMultiplier: 0.25
  midpointMultiplier: 0.25
--- !u!1 &5030836168586272130
GameObject:
  m_ObjectHideFlags: 0
  m_CorrespondingSourceObject: {fileID: 0}
  m_PrefabInstance: {fileID: 0}
  m_PrefabAsset: {fileID: 0}
  serializedVersion: 6
  m_Component:
  - component: {fileID: 5030836168586272129}
  m_Layer: 0
  m_Name: generated by SplineMeshTiling
  m_TagString: Untagged
  m_Icon: {fileID: 0}
  m_NavMeshLayer: 0
  m_StaticEditorFlags: 0
  m_IsActive: 1
--- !u!4 &5030836168586272129
Transform:
  m_ObjectHideFlags: 0
  m_CorrespondingSourceObject: {fileID: 0}
  m_PrefabInstance: {fileID: 0}
  m_PrefabAsset: {fileID: 0}
  m_GameObject: {fileID: 5030836168586272130}
  m_LocalRotation: {x: 0, y: 0, z: 0, w: 1}
  m_LocalPosition: {x: 0, y: 0, z: 0}
  m_LocalScale: {x: 1, y: 1, z: 1}
  m_Children:
  - {fileID: 5030836168681769767}
  m_Father: {fileID: 5030836169255350476}
  m_RootOrder: 0
  m_LocalEulerAnglesHint: {x: 0, y: 0, z: 0}
--- !u!1 &5030836168681769760
GameObject:
  m_ObjectHideFlags: 0
  m_CorrespondingSourceObject: {fileID: 0}
  m_PrefabInstance: {fileID: 0}
  m_PrefabAsset: {fileID: 0}
  serializedVersion: 6
  m_Component:
  - component: {fileID: 5030836168681769767}
  - component: {fileID: 5030836168681769819}
  - component: {fileID: 5030836168681769764}
  - component: {fileID: 5030836168681769765}
  - component: {fileID: 5030836168681769766}
  m_Layer: 0
  m_Name: segment 0 mesh
  m_TagString: Untagged
  m_Icon: {fileID: 0}
  m_NavMeshLayer: 0
  m_StaticEditorFlags: 0
  m_IsActive: 1
--- !u!4 &5030836168681769767
Transform:
  m_ObjectHideFlags: 0
  m_CorrespondingSourceObject: {fileID: 0}
  m_PrefabInstance: {fileID: 0}
  m_PrefabAsset: {fileID: 0}
  m_GameObject: {fileID: 5030836168681769760}
  m_LocalRotation: {x: 0, y: 0, z: 0, w: 1}
  m_LocalPosition: {x: 0, y: 0, z: 0}
  m_LocalScale: {x: 1, y: 1, z: 1}
  m_Children: []
  m_Father: {fileID: 5030836168586272129}
  m_RootOrder: 0
  m_LocalEulerAnglesHint: {x: 0, y: 0, z: 0}
--- !u!33 &5030836168681769819
MeshFilter:
  m_ObjectHideFlags: 0
  m_CorrespondingSourceObject: {fileID: 0}
  m_PrefabInstance: {fileID: 0}
  m_PrefabAsset: {fileID: 0}
  m_GameObject: {fileID: 5030836168681769760}
  m_Mesh: {fileID: 0}
--- !u!23 &5030836168681769764
MeshRenderer:
  m_ObjectHideFlags: 0
  m_CorrespondingSourceObject: {fileID: 0}
  m_PrefabInstance: {fileID: 0}
  m_PrefabAsset: {fileID: 0}
  m_GameObject: {fileID: 5030836168681769760}
  m_Enabled: 1
  m_CastShadows: 1
  m_ReceiveShadows: 1
  m_DynamicOccludee: 1
  m_MotionVectors: 1
  m_LightProbeUsage: 1
  m_ReflectionProbeUsage: 1
  m_RenderingLayerMask: 1
  m_RendererPriority: 0
  m_Materials:
  - {fileID: 2100000, guid: 5482e64c8bf69ff4d96f07240464434d, type: 2}
  m_StaticBatchInfo:
    firstSubMesh: 0
    subMeshCount: 0
  m_StaticBatchRoot: {fileID: 0}
  m_ProbeAnchor: {fileID: 0}
  m_LightProbeVolumeOverride: {fileID: 0}
  m_ScaleInLightmap: 1
  m_PreserveUVs: 0
  m_IgnoreNormalsForChartDetection: 0
  m_ImportantGI: 0
  m_StitchLightmapSeams: 0
  m_SelectedEditorRenderState: 3
  m_MinimumChartSize: 4
  m_AutoUVMaxDistance: 0.5
  m_AutoUVMaxAngle: 89
  m_LightmapParameters: {fileID: 0}
  m_SortingLayerID: 0
  m_SortingLayer: 0
  m_SortingOrder: 0
--- !u!114 &5030836168681769765
MonoBehaviour:
  m_ObjectHideFlags: 0
  m_CorrespondingSourceObject: {fileID: 0}
  m_PrefabInstance: {fileID: 0}
  m_PrefabAsset: {fileID: 0}
  m_GameObject: {fileID: 5030836168681769760}
  m_Enabled: 1
  m_EditorHideFlags: 0
  m_Script: {fileID: 11500000, guid: f8cda9ed2ad6a8b4781166236afc26b3, type: 3}
  m_Name: 
  m_EditorClassIdentifier: 
--- !u!64 &5030836168681769766
MeshCollider:
  m_ObjectHideFlags: 0
  m_CorrespondingSourceObject: {fileID: 0}
  m_PrefabInstance: {fileID: 0}
  m_PrefabAsset: {fileID: 0}
  m_GameObject: {fileID: 5030836168681769760}
  m_Material: {fileID: 0}
  m_IsTrigger: 0
  m_Enabled: 0
  serializedVersion: 3
  m_Convex: 0
  m_CookingOptions: 14
  m_Mesh: {fileID: 0}
--- !u!1 &5030836169255350477
GameObject:
  m_ObjectHideFlags: 0
  m_CorrespondingSourceObject: {fileID: 0}
  m_PrefabInstance: {fileID: 0}
  m_PrefabAsset: {fileID: 0}
  serializedVersion: 6
  m_Component:
  - component: {fileID: 5030836169255350476}
  - component: {fileID: 5030836169255350466}
  - component: {fileID: 5030836169255350467}
  m_Layer: 0
  m_Name: SplineMesh
  m_TagString: Untagged
  m_Icon: {fileID: 0}
  m_NavMeshLayer: 0
  m_StaticEditorFlags: 0
  m_IsActive: 1
--- !u!4 &5030836169255350476
Transform:
  m_ObjectHideFlags: 0
  m_CorrespondingSourceObject: {fileID: 0}
  m_PrefabInstance: {fileID: 0}
  m_PrefabAsset: {fileID: 0}
  m_GameObject: {fileID: 5030836169255350477}
  m_LocalRotation: {x: -0, y: -0, z: -0, w: 1}
  m_LocalPosition: {x: 0, y: 0, z: 0}
  m_LocalScale: {x: 1, y: 1, z: 1}
  m_Children:
  - {fileID: 5030836168586272129}
  m_Father: {fileID: 5030836167757767899}
  m_RootOrder: 2
  m_LocalEulerAnglesHint: {x: 0, y: 0, z: 0}
--- !u!114 &5030836169255350466
MonoBehaviour:
  m_ObjectHideFlags: 0
  m_CorrespondingSourceObject: {fileID: 0}
  m_PrefabInstance: {fileID: 0}
  m_PrefabAsset: {fileID: 0}
  m_GameObject: {fileID: 5030836169255350477}
  m_Enabled: 1
  m_EditorHideFlags: 0
  m_Script: {fileID: 11500000, guid: 1a85c5879d519aa4ab2ebbf42591149a, type: 3}
  m_Name: 
  m_EditorClassIdentifier: 
  nodes:
  - position: {x: 0, y: 0.020000001, z: 0}
    direction: {x: 0, y: 0.010000001, z: 0}
    up: {x: 0, y: 0, z: 1}
    scale: {x: 0.1, y: 0.1}
    roll: 0
  - position: {x: 0, y: -0.020000001, z: 0}
    direction: {x: 0, y: -0.030000001, z: 0}
    up: {x: 0, y: 0, z: 1}
    scale: {x: 0.1, y: 0.1}
    roll: 0
  curves:
  - n1:
      position: {x: 0, y: 0.020000001, z: 0}
      direction: {x: 0, y: 0.010000001, z: 0}
      up: {x: 0, y: 0, z: 1}
      scale: {x: 0.1, y: 0.1}
      roll: 0
    n2:
      position: {x: 0, y: -0.020000001, z: 0}
      direction: {x: 0, y: -0.030000001, z: 0}
      up: {x: 0, y: 0, z: 1}
      scale: {x: 0.1, y: 0.1}
      roll: 0
    Changed:
      m_PersistentCalls:
        m_Calls: []
  Length: 0.04
  isLoop: 0
  CurveChanged:
    m_PersistentCalls:
      m_Calls: []
--- !u!114 &5030836169255350467
MonoBehaviour:
  m_ObjectHideFlags: 0
  m_CorrespondingSourceObject: {fileID: 0}
  m_PrefabInstance: {fileID: 0}
  m_PrefabAsset: {fileID: 0}
  m_GameObject: {fileID: 5030836169255350477}
  m_Enabled: 1
  m_EditorHideFlags: 0
  m_Script: {fileID: 11500000, guid: 174367e175762fb48ba55d6171e99990, type: 3}
  m_Name: 
  m_EditorClassIdentifier: 
  mesh: {fileID: 4300000, guid: 500594a39d643774c8e028335ee33da7, type: 3}
  material: {fileID: 2100000, guid: 5482e64c8bf69ff4d96f07240464434d, type: 2}
  physicMaterial: {fileID: 0}
  translation: {x: 0, y: 0, z: 0}
  rotation: {x: 0, y: 90, z: 0}
  scale: {x: 0.0125, y: 0.0125, z: 0.0125}
  generateCollider: 0
  updateInPlayMode: 1
  curveSpace: 1
  mode: 2
--- !u!1001 &1341309990723536459
PrefabInstance:
  m_ObjectHideFlags: 0
  serializedVersion: 2
  m_Modification:
    m_TransformParent: {fileID: 5030836167757767899}
    m_Modifications:
    - target: {fileID: 1124027514175026071, guid: e37feb4e3fbffa649b1963c31dda6faf,
        type: 3}
      propertyPath: m_Name
      value: leadIn
      objectReference: {fileID: 0}
    - target: {fileID: 1124027514175026071, guid: e37feb4e3fbffa649b1963c31dda6faf,
        type: 3}
      propertyPath: m_IsActive
      value: 1
      objectReference: {fileID: 0}
    - target: {fileID: 217503889241489386, guid: e37feb4e3fbffa649b1963c31dda6faf,
        type: 3}
      propertyPath: m_LocalPosition.x
      value: 0
      objectReference: {fileID: 0}
    - target: {fileID: 217503889241489386, guid: e37feb4e3fbffa649b1963c31dda6faf,
        type: 3}
      propertyPath: m_LocalPosition.y
      value: 0.05
      objectReference: {fileID: 0}
    - target: {fileID: 217503889241489386, guid: e37feb4e3fbffa649b1963c31dda6faf,
        type: 3}
      propertyPath: m_LocalPosition.z
      value: 0
      objectReference: {fileID: 0}
    - target: {fileID: 217503889241489386, guid: e37feb4e3fbffa649b1963c31dda6faf,
        type: 3}
      propertyPath: m_LocalRotation.x
      value: 0
      objectReference: {fileID: 0}
    - target: {fileID: 217503889241489386, guid: e37feb4e3fbffa649b1963c31dda6faf,
        type: 3}
      propertyPath: m_LocalRotation.y
      value: 0
      objectReference: {fileID: 0}
    - target: {fileID: 217503889241489386, guid: e37feb4e3fbffa649b1963c31dda6faf,
        type: 3}
      propertyPath: m_LocalRotation.z
      value: 1
      objectReference: {fileID: 0}
    - target: {fileID: 217503889241489386, guid: e37feb4e3fbffa649b1963c31dda6faf,
        type: 3}
      propertyPath: m_LocalRotation.w
      value: 0
      objectReference: {fileID: 0}
    - target: {fileID: 217503889241489386, guid: e37feb4e3fbffa649b1963c31dda6faf,
        type: 3}
      propertyPath: m_RootOrder
      value: 0
      objectReference: {fileID: 0}
    - target: {fileID: 217503889241489386, guid: e37feb4e3fbffa649b1963c31dda6faf,
        type: 3}
      propertyPath: m_LocalEulerAnglesHint.x
      value: 0
      objectReference: {fileID: 0}
    - target: {fileID: 217503889241489386, guid: e37feb4e3fbffa649b1963c31dda6faf,
        type: 3}
      propertyPath: m_LocalEulerAnglesHint.y
      value: 0
      objectReference: {fileID: 0}
    - target: {fileID: 217503889241489386, guid: e37feb4e3fbffa649b1963c31dda6faf,
        type: 3}
      propertyPath: m_LocalEulerAnglesHint.z
      value: 180
      objectReference: {fileID: 0}
    m_RemovedComponents: []
  m_SourcePrefab: {fileID: 100100000, guid: e37feb4e3fbffa649b1963c31dda6faf, type: 3}
--- !u!4 &1268309713683184033 stripped
Transform:
  m_CorrespondingSourceObject: {fileID: 217503889241489386, guid: e37feb4e3fbffa649b1963c31dda6faf,
    type: 3}
  m_PrefabInstance: {fileID: 1341309990723536459}
  m_PrefabAsset: {fileID: 0}
--- !u!114 &1326334840490447181 stripped
MonoBehaviour:
  m_CorrespondingSourceObject: {fileID: 69063447352579846, guid: e37feb4e3fbffa649b1963c31dda6faf,
    type: 3}
  m_PrefabInstance: {fileID: 1341309990723536459}
  m_PrefabAsset: {fileID: 0}
  m_GameObject: {fileID: 0}
  m_Enabled: 1
  m_EditorHideFlags: 0
  m_Script: {fileID: 11500000, guid: b270d46042d384146aee0fa15b18c1f9, type: 3}
  m_Name: 
  m_EditorClassIdentifier: 
--- !u!1001 &3041525460142076880
PrefabInstance:
  m_ObjectHideFlags: 0
  serializedVersion: 2
  m_Modification:
    m_TransformParent: {fileID: 5030836167757767899}
    m_Modifications:
    - target: {fileID: 1124027514175026071, guid: e37feb4e3fbffa649b1963c31dda6faf,
        type: 3}
      propertyPath: m_Name
      value: leadOut
      objectReference: {fileID: 0}
    - target: {fileID: 217503889241489386, guid: e37feb4e3fbffa649b1963c31dda6faf,
        type: 3}
      propertyPath: m_LocalPosition.x
      value: 0
      objectReference: {fileID: 0}
    - target: {fileID: 217503889241489386, guid: e37feb4e3fbffa649b1963c31dda6faf,
        type: 3}
      propertyPath: m_LocalPosition.y
      value: -0.05
      objectReference: {fileID: 0}
    - target: {fileID: 217503889241489386, guid: e37feb4e3fbffa649b1963c31dda6faf,
        type: 3}
      propertyPath: m_LocalPosition.z
      value: 0
      objectReference: {fileID: 0}
    - target: {fileID: 217503889241489386, guid: e37feb4e3fbffa649b1963c31dda6faf,
        type: 3}
      propertyPath: m_LocalRotation.x
      value: 0
      objectReference: {fileID: 0}
    - target: {fileID: 217503889241489386, guid: e37feb4e3fbffa649b1963c31dda6faf,
        type: 3}
      propertyPath: m_LocalRotation.y
      value: 0
      objectReference: {fileID: 0}
    - target: {fileID: 217503889241489386, guid: e37feb4e3fbffa649b1963c31dda6faf,
        type: 3}
      propertyPath: m_LocalRotation.z
      value: 0
      objectReference: {fileID: 0}
    - target: {fileID: 217503889241489386, guid: e37feb4e3fbffa649b1963c31dda6faf,
        type: 3}
      propertyPath: m_LocalRotation.w
      value: 1
      objectReference: {fileID: 0}
    - target: {fileID: 217503889241489386, guid: e37feb4e3fbffa649b1963c31dda6faf,
        type: 3}
      propertyPath: m_RootOrder
      value: 1
      objectReference: {fileID: 0}
    - target: {fileID: 217503889241489386, guid: e37feb4e3fbffa649b1963c31dda6faf,
        type: 3}
      propertyPath: m_LocalEulerAnglesHint.x
      value: 0
      objectReference: {fileID: 0}
    - target: {fileID: 217503889241489386, guid: e37feb4e3fbffa649b1963c31dda6faf,
        type: 3}
      propertyPath: m_LocalEulerAnglesHint.y
      value: 0
      objectReference: {fileID: 0}
    - target: {fileID: 217503889241489386, guid: e37feb4e3fbffa649b1963c31dda6faf,
        type: 3}
      propertyPath: m_LocalEulerAnglesHint.z
      value: 0
      objectReference: {fileID: 0}
    m_RemovedComponents: []
  m_SourcePrefab: {fileID: 100100000, guid: e37feb4e3fbffa649b1963c31dda6faf, type: 3}
--- !u!4 &2968173317889068090 stripped
Transform:
  m_CorrespondingSourceObject: {fileID: 217503889241489386, guid: e37feb4e3fbffa649b1963c31dda6faf,
    type: 3}
  m_PrefabInstance: {fileID: 3041525460142076880}
  m_PrefabAsset: {fileID: 0}
--- !u!114 &3080734396479251670 stripped
MonoBehaviour:
  m_CorrespondingSourceObject: {fileID: 69063447352579846, guid: e37feb4e3fbffa649b1963c31dda6faf,
    type: 3}
  m_PrefabInstance: {fileID: 3041525460142076880}
  m_PrefabAsset: {fileID: 0}
  m_GameObject: {fileID: 0}
  m_Enabled: 1
  m_EditorHideFlags: 0
  m_Script: {fileID: 11500000, guid: b270d46042d384146aee0fa15b18c1f9, type: 3}
  m_Name: 
  m_EditorClassIdentifier: 
