%YAML 1.1
%TAG !u! tag:unity3d.com,2011:
--- !u!1 &8854111061639461594
GameObject:
  m_ObjectHideFlags: 0
  m_CorrespondingSourceObject: {fileID: 0}
  m_PrefabInstance: {fileID: 0}
  m_PrefabAsset: {fileID: 0}
  serializedVersion: 6
  m_Component:
  - component: {fileID: 700305654970098872}
  m_Layer: 0
  m_Name: ServerRack
  m_TagString: Untagged
  m_Icon: {fileID: 0}
  m_NavMeshLayer: 0
  m_StaticEditorFlags: 0
  m_IsActive: 1
--- !u!4 &700305654970098872
Transform:
  m_ObjectHideFlags: 0
  m_CorrespondingSourceObject: {fileID: 0}
  m_PrefabInstance: {fileID: 0}
  m_PrefabAsset: {fileID: 0}
  m_GameObject: {fileID: 8854111061639461594}
  m_LocalRotation: {x: 0, y: 0, z: 0, w: 1}
  m_LocalPosition: {x: 0, y: 0, z: 0}
  m_LocalScale: {x: 1, y: 1, z: 1}
  m_Children:
  - {fileID: 2924956644327222638}
  - {fileID: 2924956645904396793}
  - {fileID: 2924956646291063237}
  m_Father: {fileID: 0}
  m_RootOrder: 0
  m_LocalEulerAnglesHint: {x: 0, y: 0, z: 0}
--- !u!1001 &2925577719767352474
PrefabInstance:
  m_ObjectHideFlags: 0
  serializedVersion: 2
  m_Modification:
    m_TransformParent: {fileID: 700305654970098872}
    m_Modifications:
    - target: {fileID: 4000013186050548, guid: d8df9eb8154c8e843b1b40fc4102363c, type: 3}
      propertyPath: m_LocalPosition.x
      value: 0
      objectReference: {fileID: 0}
    - target: {fileID: 4000013186050548, guid: d8df9eb8154c8e843b1b40fc4102363c, type: 3}
      propertyPath: m_LocalPosition.y
      value: 0
      objectReference: {fileID: 0}
    - target: {fileID: 4000013186050548, guid: d8df9eb8154c8e843b1b40fc4102363c, type: 3}
      propertyPath: m_LocalPosition.z
      value: 0
      objectReference: {fileID: 0}
    - target: {fileID: 4000013186050548, guid: d8df9eb8154c8e843b1b40fc4102363c, type: 3}
      propertyPath: m_LocalRotation.x
      value: -0
      objectReference: {fileID: 0}
    - target: {fileID: 4000013186050548, guid: d8df9eb8154c8e843b1b40fc4102363c, type: 3}
      propertyPath: m_LocalRotation.y
      value: -0
      objectReference: {fileID: 0}
    - target: {fileID: 4000013186050548, guid: d8df9eb8154c8e843b1b40fc4102363c, type: 3}
      propertyPath: m_LocalRotation.z
      value: -0
      objectReference: {fileID: 0}
    - target: {fileID: 4000013186050548, guid: d8df9eb8154c8e843b1b40fc4102363c, type: 3}
      propertyPath: m_LocalRotation.w
      value: 1
      objectReference: {fileID: 0}
    - target: {fileID: 4000013186050548, guid: d8df9eb8154c8e843b1b40fc4102363c, type: 3}
      propertyPath: m_RootOrder
      value: 0
      objectReference: {fileID: 0}
    - target: {fileID: 205000010362082298, guid: d8df9eb8154c8e843b1b40fc4102363c,
        type: 3}
      propertyPath: m_FadeMode
      value: 0
      objectReference: {fileID: 0}
    m_RemovedComponents: []
  m_SourcePrefab: {fileID: 100100000, guid: d8df9eb8154c8e843b1b40fc4102363c, type: 3}
--- !u!4 &2924956644327222638 stripped
Transform:
  m_CorrespondingSourceObject: {fileID: 4000013186050548, guid: d8df9eb8154c8e843b1b40fc4102363c,
    type: 3}
  m_PrefabInstance: {fileID: 2925577719767352474}
  m_PrefabAsset: {fileID: 0}
--- !u!1001 &2925577721160529427
PrefabInstance:
  m_ObjectHideFlags: 0
  serializedVersion: 2
  m_Modification:
    m_TransformParent: {fileID: 700305654970098872}
    m_Modifications:
    - target: {fileID: 4000012514703318, guid: 317206acba8752c4e8c1a7d760797044, type: 3}
      propertyPath: m_LocalPosition.x
      value: 0.008000016
      objectReference: {fileID: 0}
    - target: {fileID: 4000012514703318, guid: 317206acba8752c4e8c1a7d760797044, type: 3}
      propertyPath: m_LocalPosition.y
      value: 1.064
      objectReference: {fileID: 0}
    - target: {fileID: 4000012514703318, guid: 317206acba8752c4e8c1a7d760797044, type: 3}
      propertyPath: m_LocalPosition.z
      value: 0.008
      objectReference: {fileID: 0}
    - target: {fileID: 4000012514703318, guid: 317206acba8752c4e8c1a7d760797044, type: 3}
      propertyPath: m_LocalRotation.x
      value: -0
      objectReference: {fileID: 0}
    - target: {fileID: 4000012514703318, guid: 317206acba8752c4e8c1a7d760797044, type: 3}
      propertyPath: m_LocalRotation.y
      value: -0
      objectReference: {fileID: 0}
    - target: {fileID: 4000012514703318, guid: 317206acba8752c4e8c1a7d760797044, type: 3}
      propertyPath: m_LocalRotation.z
      value: -0
      objectReference: {fileID: 0}
    - target: {fileID: 4000012514703318, guid: 317206acba8752c4e8c1a7d760797044, type: 3}
      propertyPath: m_LocalRotation.w
      value: 1
      objectReference: {fileID: 0}
    - target: {fileID: 4000012514703318, guid: 317206acba8752c4e8c1a7d760797044, type: 3}
      propertyPath: m_RootOrder
      value: 2
      objectReference: {fileID: 0}
    - target: {fileID: 1000013769174526, guid: 317206acba8752c4e8c1a7d760797044, type: 3}
      propertyPath: m_Name
      value: servers-4 (2)
      objectReference: {fileID: 0}
    m_RemovedComponents: []
  m_SourcePrefab: {fileID: 100100000, guid: 317206acba8752c4e8c1a7d760797044, type: 3}
--- !u!4 &2924956646291063237 stripped
Transform:
  m_CorrespondingSourceObject: {fileID: 4000012514703318, guid: 317206acba8752c4e8c1a7d760797044,
    type: 3}
  m_PrefabInstance: {fileID: 2925577721160529427}
  m_PrefabAsset: {fileID: 0}
--- !u!1001 &2925577721601601179
PrefabInstance:
  m_ObjectHideFlags: 0
  serializedVersion: 2
  m_Modification:
    m_TransformParent: {fileID: 700305654970098872}
    m_Modifications:
    - target: {fileID: 4000012502605666, guid: 426140ae8c8463e4b80b02526033f0c1, type: 3}
      propertyPath: m_LocalPosition.x
      value: -0.0010000467
      objectReference: {fileID: 0}
    - target: {fileID: 4000012502605666, guid: 426140ae8c8463e4b80b02526033f0c1, type: 3}
      propertyPath: m_LocalPosition.y
      value: 0.068
      objectReference: {fileID: 0}
    - target: {fileID: 4000012502605666, guid: 426140ae8c8463e4b80b02526033f0c1, type: 3}
      propertyPath: m_LocalPosition.z
      value: -0.009
      objectReference: {fileID: 0}
    - target: {fileID: 4000012502605666, guid: 426140ae8c8463e4b80b02526033f0c1, type: 3}
      propertyPath: m_LocalRotation.x
      value: -0
      objectReference: {fileID: 0}
    - target: {fileID: 4000012502605666, guid: 426140ae8c8463e4b80b02526033f0c1, type: 3}
      propertyPath: m_LocalRotation.y
      value: -0
      objectReference: {fileID: 0}
    - target: {fileID: 4000012502605666, guid: 426140ae8c8463e4b80b02526033f0c1, type: 3}
      propertyPath: m_LocalRotation.z
      value: -0
      objectReference: {fileID: 0}
    - target: {fileID: 4000012502605666, guid: 426140ae8c8463e4b80b02526033f0c1, type: 3}
      propertyPath: m_LocalRotation.w
      value: 1
      objectReference: {fileID: 0}
    - target: {fileID: 4000012502605666, guid: 426140ae8c8463e4b80b02526033f0c1, type: 3}
      propertyPath: m_RootOrder
      value: 1
      objectReference: {fileID: 0}
    - target: {fileID: 1000011154197196, guid: 426140ae8c8463e4b80b02526033f0c1, type: 3}
      propertyPath: m_Name
      value: servers-3 (2)
      objectReference: {fileID: 0}
    m_RemovedComponents: []
  m_SourcePrefab: {fileID: 100100000, guid: 426140ae8c8463e4b80b02526033f0c1, type: 3}
--- !u!4 &2924956645904396793 stripped
Transform:
  m_CorrespondingSourceObject: {fileID: 4000012502605666, guid: 426140ae8c8463e4b80b02526033f0c1,
    type: 3}
  m_PrefabInstance: {fileID: 2925577721601601179}
  m_PrefabAsset: {fileID: 0}
